
@article{oberauer2017,
	title = {Hierarchical Bayesian measurement models for continuous reproduction of visual features from working memory},
	author = {Oberauer, Klaus and Stoneking, Colin and Wabersich, Dominik and Lin, Hsuan-Yu},
	year = {2017},
	month = {05},
	date = {2017-05-01},
	journal = {Journal of Vision},
	pages = {11},
	volume = {17},
	number = {5},
	doi = {10.1167/17.5.11},
	url = {https://jov.arvojournals.org/article.aspx?articleid=2628974},
	langid = {en}
}
