@article{dames2023,
	title = {When does intent matter for memory? Bridging perspectives with Craik.},
	author = {Dames, Hannah and Popov, Vencislav},
	year = {2023},
	month = {11},
	date = {2023-11},
	journal = {Journal of Experimental Psychology: General},
	pages = {3300--3309},
	volume = {152},
	number = {11},
	doi = {10.1037/xge0001486},
	url = {http://dx.doi.org/10.1037/xge0001486},
	langid = {en}
}

@article{popov2023,
	title = {If God Handed Us the Ground-Truth Theory of Memory, How Would We Recognize It?},
	author = {Popov, Vencislav},
	year = {2023},
	month = {01},
	date = {2023-01-03},
	journal = {PsyArXiv},
	doi = {10.31234/osf.io/ay5cm},
	url = {https://osf.io/ay5cm},
	note = {DOI: 10.31234/osf.io/ay5cm},
	langid = {en}
}
